@misc{Lant2010,
author = {Lant, Michael},
booktitle = {Software Development, Agile Methods and the Intersection of People Process and Technology},
title = {{How To Make Your Project Not Suck by Using an Agile Project Charter}},
url = {http://michaellant.com/2010/05/18/how-to-make-your-project-not-suck/},
year = {2010}
}

@book{Rubin2012,
author = {Rubin, Kenneth S},
edition = {1st},
isbn = {0137043295, 9780137043293},
publisher = {Addison-Wesley Professional},
title = {{Essential Scrum: A Practical Guide to the Most Popular Agile Process}},
year = {2012}
}

@techreport{,
institution = {U.S. Department of Defense},
pages = {2--7},
title = {{DOD Sample Phase I Proposal}},
url = {http://www.acq.osd.mil/osbp/sbir/sb/resources/sample-proposals.shtml},
year = {2011}
}

@misc{OpenCV,
	author = {},
	title = {{O}pen{C}{V}: {O}pen{C}{V} modules --- docs.opencv.org},
	howpublished = {\url{https://docs.opencv.org/4.x/index.html}},
	year = {},
	note = {[Accessed 22-02-2024]},
}

@misc{utaConstraintsamp,
	author = {},
	title = {{C}onstraints \&amp; {S}tandards \&#x2013; {C}{S}{E} {S}enior {D}esign {K}nowledge {B}ase --- cseseniordesignkb.uta.edu},
	howpublished = {\url{https://cseseniordesignkb.uta.edu/constraints-standards/}},
	year = {},
	note = {[Accessed 05-09-2024]},
}